% This file was created with JabRef 2.9.2.
% Encoding: Cp1252

@ARTICLE{abdellatif2009computational,
  author = {Abdellatif, Houssem and Heimann, Bodo},
  title = {Computational efficient inverse dynamics of 6-DOF fully parallel
	manipulators by using the Lagrangian formalism},
  journal = {Mechanism and Machine Theory},
  year = {2009},
  volume = {44},
  pages = {192--207},
  number = {1},
  publisher = {Elsevier}
}

@BOOK{corke2011robotics,
  title = {Robotics, Vision and Control: Fundamental Algorithms in MATLAB},
  publisher = {Springer},
  year = {2011},
  author = {Corke, P.},
  volume = {73},
  owner = {Kris},
  timestamp = {2013.03.04}
}

@ARTICLE{corke1996robotics,
  author = {Corke, P.I.},
  title = {A robotics toolbox for MATLAB},
  journal = {Robotics \& Automation Magazine, IEEE},
  year = {1996},
  volume = {3},
  pages = {24--32},
  number = {1},
  owner = {Kris},
  publisher = {IEEE},
  timestamp = {2013.03.04}
}

@ARTICLE{hutchinson1996tutorial,
  author = {Hutchinson, S. and Hager, G.D. and Corke, P.I.},
  title = {A tutorial on visual servo control},
  journal = {Robotics and Automation, IEEE Transactions on},
  year = {1996},
  volume = {12},
  pages = {651--670},
  number = {5},
  owner = {Kris},
  publisher = {IEEE},
  timestamp = {2013.03.04}
}

@ARTICLE{miller1987application,
  author = {Miller, W Thomas and Glanz, Filson H and Kraft, L Gordon},
  title = {Application of a general learning algorithm to the control of robotic
	manipulators},
  journal = {The International Journal of Robotics Research},
  year = {1987},
  volume = {6},
  pages = {84--98},
  number = {2},
  owner = {Kris},
  publisher = {Sage Publications},
  timestamp = {2013.03.04}
}

@ARTICLE{nakamura1986inverse,
  author = {Nakamura, Yoshihiko and Hanafusa, Hideo},
  title = {Inverse kinematic solutions with singularity robustness for robot
	manipulator control},
  journal = {ASME, Transactions, Journal of Dynamic Systems, Measurement, and
	Control},
  year = {1986},
  volume = {108},
  pages = {163--171},
  owner = {Kris},
  timestamp = {2013.03.13}
}

@ARTICLE{paul1986computationally,
  author = {Paul, Richard P and Zhang, Hong},
  title = {Computationally efficient kinematics for manipulators with spherical
	wrists based on the homogeneous transformation representation},
  journal = {The International journal of robotics research},
  year = {1986},
  volume = {5},
  pages = {32--44},
  number = {2},
  owner = {Kris},
  publisher = {Sage Publications},
  timestamp = {2013.03.04}
}

@CONFERENCE{Pradya,
  author = {Prempraneerach, Pradya and Kulvanit, Pasan},
  title = {Implementation of Resolved Motion Rate Controller with5-Axis Robot
	Manipulator 
	
	Arm},
  booktitle = {The First TSME International Conference on Mechanical Engineering},
  year = {2010},
  owner = {Kris},
  timestamp = {2013.03.13}
}

@ARTICLE{wang1991combined,
  author = {Wang, L-CT and Chen, Chih Cheng},
  title = {A combined optimization method for solving the inverse kinematics
	problems of mechanical manipulators},
  journal = {Robotics and Automation, IEEE Transactions on},
  year = {1991},
  volume = {7},
  pages = {489--499},
  number = {4},
  owner = {Kris},
  publisher = {IEEE},
  timestamp = {2013.03.04}
}

@ARTICLE{whitney1969resolved,
  author = {Whitney, Daniel E},
  title = {Resolved motion rate control of manipulators and human prostheses},
  journal = {Man-Machine Systems, IEEE Transactions on},
  year = {1969},
  volume = {10},
  pages = {47--53},
  number = {2},
  owner = {Kris},
  publisher = {IEEE},
  timestamp = {2013.03.12}
}

@ARTICLE{zhang1993efficient,
  author = {Zhang, Chang-De and Song, Shin-Min},
  title = {An efficient method for inverse dynamics of manipulators based on
	the virtual work principle},
  journal = {Journal of Robotic Systems},
  year = {1993},
  volume = {10},
  pages = {605--627},
  number = {5},
  owner = {Kris},
  publisher = {Wiley Online Library},
  timestamp = {2013.03.04}
}

